@article{zaharia2016apache, title={Apache Spark: A unified engine for big data processing}, author={Zaharia, Matei and Xin, Reynold S and Wendell, Patrick and Das, Tathagata and Armbrust, Michael and Dave, Ankur and Meng, Xiangrui and Rosen, Josh and Venkataraman, Shivaram and Franklin, Michael J and others}, journal={Communications of the ACM}, volume={59}, number={11}, pages={56--65}, year={2016}, publisher={ACM} }

@article{del2014use, title={On the use of MapReduce for imbalanced big data using Random Forest}, author={Del R{\'\i}o, Sara and L{\'o}pez, Victoria and Ben{\'\i}tez, Jos{\'e} Manuel and Herrera, Francisco}, journal={Information Sciences}, volume={285}, pages={112--137}, year={2014}, publisher={Elsevier} }

@article{breiman2001random, title={Random forests}, author={Breiman, Leo}, journal={Machine learning}, volume={45}, number={1}, pages={5--32}, year={2001}, publisher={Springer} }

@article{settles2010active, title={Active learning literature survey}, author={Settles, Burr}, year={2001}, journal={University of Wisconsin, Madison}, volume={52}, number={55-66}, pages={11} } 


@article{cutler2007random, title={Random forests for classification in ecology}, author={Cutler, D Richard and Edwards, Thomas C and Beard, Karen H and Cutler, Adele and Hess, Kyle T and Gibson, Jacob and Lawler, Joshua J}, journal={Ecology}, volume={88}, number={11}, pages={2783--2792}, year={2007}, publisher={Wiley Online Library} }

@article{rodriguez2012assessment, title={An assessment of the effectiveness of a random forest classifier for land-cover classification}, author={Rodriguez-Galiano, Victor Francisco and Ghimire, Bardan and Rogan, John and Chica-Olmo, Mario and Rigol-Sanchez, Juan Pedro}, journal={ISPRS Journal of Photogrammetry and Remote Sensing}, volume={67}, pages={93--104}, year={2012}, publisher={Elsevier} }

@article{criminisi2012decision, title={Decision forests: A unified framework for classification, regression, density estimation, manifold learning and semi-supervised learning}, author={Criminisi, Antonio and Shotton, Jamie and Konukoglu, Ender and others}, journal={Foundations and Trends{\textregistered} in Computer Graphics and Vision}, volume={7}, number={2--3}, pages={81--227}, year={2012}, publisher={Now Publishers, Inc.} }

@book{ryza2017advanced, title={Advanced analytics with spark: patterns for learning from data at scale}, author={Ryza, Sandy}, year={2017}, publisher={" O'Reilly Media, Inc."} }

@book{karau2015learning, title={Learning spark: lightning-fast big data analysis}, author={Karau, Holden and Konwinski, Andy and Wendell, Patrick and Zaharia, Matei}, year={2015}, publisher={" O'Reilly Media, Inc."} }

@inproceedings{Zaharia2012RDD, author = {Zaharia, Matei and Chowdhury, Mosharaf and Das, Tathagata and Dave, Ankur and Ma, Justin and McCauley, Murphy and Franklin, Michael J. and Shenker, Scott and Stoica, Ion}, title = {Resilient Distributed Datasets: A Fault-tolerant Abstraction for In-memory Cluster Computing}, booktitle = {Proceedings of the 9th USENIX Conference on Networked Systems Design and Implementation}, series = {NSDI'12}, year = {2012}, location = {San Jose, CA}, pages = {2--2}, numpages = {1}, url = {http://dl.acm.org/citation.cfm?id=2228298.2228301}, acmid = {2228301}, publisher = {USENIX Association}, address = {Berkeley, CA, USA}, }

@inproceedings{armbrust2015spark, title={Spark sql: Relational data processing in spark}, author={Armbrust, Michael and Xin, Reynold S and Lian, Cheng and Huai, Yin and Liu, Davies and Bradley, Joseph K and Meng, Xiangrui and Kaftan, Tomer and Franklin, Michael J and Ghodsi, Ali and others}, booktitle={Proceedings of the 2015 ACM SIGMOD International Conference on Management of Data}, pages={1383--1394}, year={2015}, organization={ACM} }

@article{meng2016MLlib, title={MLlib: Machine learning in apache spark}, author={Meng, Xiangrui and Bradley, Joseph and Yuvaz, B and Sparks, Evan and Venkataraman, Shivaram and Liu, Davies and Freeman, Jeremy and Tsai, D and Amde, Manish and Owen, Sean and others}, journal={JMLR}, volume={17}, number={34}, pages={1--7}, year={2016} }

@article{venkataramanSparkR, title={SparkR: Scaling R Programs with Spark}, author={Venkataraman, Shivaram and Yang, Zongheng and Davies Liu, Eric Liang and Falaki, Hossein and Meng, Xiangrui and Xin, Reynold and Ghodsi, Ali and Franklin, Michael and Stoica, Ion and Zaharia, Matei}, year={2016} }

@article{salloum2016BigDataWithSpark, title={Big data analytics on Apache Spark}, author={Salloum, Salman and Dautov, Ruslan and Chen, Xiaojun and Peng, Patrick Xiaogang and Huang, Joshua Zhexue}, journal={International Journal of Data Science and Analytics}, pages={1--20}, year={2016}, publisher={Springer} }

@inproceedings{ferreira2017, title = {Uma {Proposta} de {Implementação} de Álgebra de {Workflows} em {Apache} {Spark} no {Apoio} a {Processos} de {Análise} de {Dados}},	booktitle = {Brazilian e-{Science} {Workshop}},	author = {Ferreira, João and Gaspar, Daniel and Monteiro, Bernardo and Silva, Ana Beatriz and Porto, Fabio and Ogasawara, Eduardo}, year = {2017} }
